<record><leader>00000cas a2200000 a 4500</leader><controlfield tag="001">18073402</controlfield><controlfield tag="008">880610d19501953wauwr ne      0    0eng d</controlfield><datafield ind1=" " ind2=" " tag="010"><subfield code="a">sn 88085647 </subfield></datafield><datafield ind1=" " ind2=" " tag="040"><subfield code="a">SLZ</subfield><subfield code="b">eng</subfield><subfield code="c">SLZ</subfield><subfield code="d">OCL</subfield><subfield code="d">OCLCQ</subfield><subfield code="d">WAU</subfield><subfield code="d">OCLCQ</subfield><subfield code="d">OCLCF</subfield></datafield><datafield ind1=" " ind2=" " tag="042"><subfield code="a">msc</subfield></datafield><datafield ind1=" " ind2=" " tag="043"><subfield code="a">n-us-wa</subfield></datafield><datafield ind1="0" ind2=" " tag="130"><subfield code="a">Upper valley review (Naches, Wash.)</subfield></datafield><datafield ind1="1" ind2="4" tag="245"><subfield code="a">The upper valley review.</subfield></datafield><datafield ind1=" " ind2=" " tag="260"><subfield code="a">Naches, Wash. :</subfield><subfield code="b">Naches Pub. Co.</subfield></datafield><datafield ind1=" " ind2=" " tag="300"><subfield code="a">v.</subfield></datafield><datafield ind1=" " ind2=" " tag="310"><subfield code="a">Weekly</subfield></datafield><datafield ind1="0" ind2=" " tag="362"><subfield code="a">Vol. 1, no. 1 (Jan. 5, 1950)-v.4, no. 13 (Mar. 26, 1953).</subfield></datafield><datafield ind1=" " ind2="0" tag="651"><subfield code="a">Naches (Wash.)</subfield><subfield code="v">Newspapers.</subfield></datafield><datafield ind1=" " ind2="7" tag="655"><subfield code="a">Newspapers.</subfield><subfield code="2">fast</subfield><subfield code="0">(OCoLC)fst01423814</subfield></datafield><datafield ind1=" " ind2="7" tag="651"><subfield code="a">Washington (State)</subfield><subfield code="z">Naches.</subfield><subfield code="2">fast</subfield><subfield code="0">(OCoLC)fst01887435</subfield></datafield><datafield ind1=" " ind2=" " tag="752"><subfield code="a">United States</subfield><subfield code="b">Washington</subfield><subfield code="c">Yakima</subfield><subfield code="d">Naches.</subfield></datafield><datafield ind1="0" ind2="0" tag="785"><subfield code="t">Sun (Naches, Wash.)</subfield><subfield code="w">(DLC)sn 88085645</subfield></datafield></record>